@book{exec_summary_1,
  title={Weather modeling and forecasting of PV systems operation},
  author={Paulescu, Marius and Paulescu, Eugenia and Gravila, Paul and Badescu, Viorel},
  year={2012},
  publisher={Springer Science \& Business Media},
  pages={ix}
}

@inproceedings{exec_summary_2,
  title={Photovoltaic Forecasting: A state of the art},
  author={Espinar, Bella and Aznarte, Jos{\'e}-Luis and Girard, Robin and Moussa, Alfred Mbairadjim and Kariniotakis, Georges},
  year={2010}
}

@article{litrev_intrahour1,
  title={Intra-hour forecasting with a total sky imager at the UC San Diego solar energy testbed},
  author={Chow, Chi Wai and Urquhart, Bryan and Lave, Matthew and Dominguez, Anthony and Kleissl, Jan and Shields, Janet and Washom, Byron},
  journal={Solar Energy},
  volume={85},
  number={11},
  pages={2881--2893},
  year={2011},
  publisher={Elsevier}
}

@article{litrev_intrahour2,
  title={Intra-hour DNI forecasting based on cloud tracking image analysis},
  author={Marquez, Ricardo and Coimbra, Carlos FM},
  journal={Solar Energy},
  volume={91},
  pages={327--336},
  year={2013},
  publisher={Elsevier}
}

@inbook{litrev_ts1,
author = {Kleissl, Jan and Coimbra, Carlos and Marquez, Ricardo},
year = {2013},
month = {07},
pages = {},
title = {Overview of Solar Forecasting Methods and a Metric for Accuracy Evaluation},
isbn = {9780123971777},
journal = {Solar Energy Forecasting and Resource Assessment},
doi = {10.1016/B978-0-12-397177-7.00008-5}
}

@article{litrev_ts2,
  title={Forecasting of global and direct solar irradiance using stochastic learning methods, ground experiments and the NWS database},
  author={Marquez, Ricardo and Coimbra, Carlos FM},
  journal={Solar Energy},
  volume={85},
  number={5},
  pages={746--756},
  year={2011},
  publisher={Elsevier}
}

@article{litrev_ts3,
  title={Predicting solar radiation at high resolutions: A comparison of time series forecasts},
  author={Reikard, Gordon},
  journal={Solar Energy},
  volume={83},
  number={3},
  pages={342--349},
  year={2009},
  publisher={Elsevier}
}

@article{litrev_ts4,
  title={Multiplicative ARMA models to generate hourly series of global irradiation},
  author={Mora-Lopez, LL and Sidrach-de-Cardona, M},
  journal={Solar Energy},
  volume={63},
  number={5},
  pages={283--291},
  year={1998},
  publisher={Elsevier}
}

@article{litrev_sat1,
  title={A method for the determination of the global solar radiation from meteorological satellite data},
  author={Cano, Daniel and Monget, Jean-Marie and Albuisson, Michel and Guillard, Herv{\'e} and Regas, Nathalie and Wald, Lucien},
  journal={Solar energy},
  volume={37},
  number={1},
  pages={31--39},
  year={1986},
  publisher={Elsevier}
}

@article{litrev_sat2,
  title={The method Heliosat-2 for deriving shortwave solar radiation from satellite images},
  author={Rigollier, Christelle and Lef{\`e}vre, Mireille and Wald, Lucien},
  journal={Solar energy},
  volume={77},
  number={2},
  pages={159--169},
  year={2004},
  publisher={Elsevier}
}

@unknown{litrev_sat3,
author = {Betcke, Jethro and Kuhlemann, Rolf and Hammer, Annette and Drews, A. and Lorenz, Elke and Girodo, Marco and Heinemann, Detlev and Wald, Lucien and Cros, Sylvain and Schroedter-Homscheidt, Marion and Holzer-Popp, Thomas and Gesell, Gerhard and Erbertseder, Thilo and Kosmale, Miriam and Hildenbrand, Beate and Dagestad, Knut-Frode and Olseth, Jan and Ineichen, Pierre and Reise, Christian and Krebs, Waldemar},
year = {2006},
month = {01},
pages = {},
title = {Energy-Specific Solar Radiation Data from Meteosat Second Generation (MSG): The Heliosat-3 Project, Final Report},
doi = {10.13140/RG.2.1.2054.6406}
}

@article{litrev_sat4,
  title={Solar energy assessment using remote sensing technologies},
  author={Hammer, Annette and Heinemann, Detlev and Hoyer, Carsten and Kuhlemann, Rolf and Lorenz, Elke and M{\"u}ller, Richard and Beyer, Hans Georg},
  journal={Remote Sensing of Environment},
  volume={86},
  number={3},
  pages={423--432},
  year={2003},
  publisher={Elsevier}
}

@misc{litrev_nwp_gfs,
 author = "",
 title = "NCEP Global Forecast System (GFS) Analyses and Forecasts",
 publisher  = "Research Data Archive at the National Center for Atmospheric Research, Computational and Information Systems Laboratory",
 address = {Boulder CO},
 year  = "2007",
 url = "https://doi.org/10.5065/D65Q4TSG"
}

@misc{litrev_nwp_nam,
 author = "",
 title = "NCEP North American Mesoscale (NAM) 12 km Analysis",
 publisher  = "Research Data Archive at the National Center for Atmospheric Research, Computational and Information Systems Laboratory",
 address = {Boulder CO},
 year  = "2015",
 url = "https://doi.org/10.5065/G4RC-1N91"
}



@article{litrev_nwp1,
  title={Evaluation of numerical weather prediction for intra-day solar forecasting in the continental United States},
  author={Mathiesen, Patrick and Kleissl, Jan},
  journal={Solar Energy},
  volume={85},
  number={5},
  pages={967--977},
  year={2011},
  publisher={Elsevier}
}

@article{litrev_nwp2,
  title={Optimal combination of gridded and ground-observed solar radiation data for regional solar resource assessment},
  author={Ruiz-Arias, Jos{\'e} A and Quesada-Ruiz, Samuel and Fern{\'a}ndez, Eduardo F and Gueymard, Christian A},
  journal={Solar Energy},
  volume={112},
  pages={411--424},
  year={2015},
  publisher={Elsevier}
}

@article{litrev_nwp3,
author = {Lorenz, Elke and Remund, Jan and Müller, Stefan and Traunmüller, Wolfgang and Steinmaurer, Gerald and Pozo-Vazquez, D. and Ruiz-Arias, Jose and Lara Fanego, Vicente and Santigosa, L. and Gastón, Martín and Kurz, Christian and Martín Pomares, Luis and Geijo, Carlos},
year = {2009},
month = {01},
pages = {},
title = {Benchmarking of different approaches to forecast solar irradiance},
journal = {24th European Photovoltaic Solar Energy Conference}
}

@article{litrev_nwp4,
  title={Validation of short and medium term operational solar radiation forecasts in the US},
  author={Perez, Richard and Kivalov, Sergey and Schlemmer, James and Hemker Jr, Karl and Renn{\'e}, David and Hoff, Thomas E},
  journal={Solar Energy},
  volume={84},
  number={12},
  pages={2161--2172},
  year={2010},
  publisher={Elsevier}
}

@article{litrev_nwp5,
  title={Review of solar irradiance forecasting methods and a proposition for small-scale insular grids},
  author={Diagne, Maimouna and David, Mathieu and Lauret, Philippe and Boland, John and Schmutz, Nicolas},
  journal={Renewable and Sustainable Energy Reviews},
  volume={27},
  pages={65--76},
  year={2013},
  publisher={Elsevier}
}

@article{litrev_pvlib1,
  title={An analysis of global, direct and diffuse solar radiation},
  author={Li, Danny HW and Lou, SW and Lam, Joseph C},
  journal={Energy Procedia},
  volume={75},
  pages={388--393},
  year={2015},
  publisher={Elsevier BV}
}

@article{litrev_pvlib2,
  title={Comparison of solar radiation models to estimate direct normal irradiance for Korea},
  author={Lee, Hyun-Jin and Kim, Shin-Young and Yun, Chang-Yeol},
  journal={Energies},
  volume={10},
  number={5},
  pages={594},
  year={2017},
  publisher={Multidisciplinary Digital Publishing Institute}
}

@article{litrev_pvlib3,
  title={Solar radiation model},
  author={Wong, LT and Chow, WK},
  journal={Applied energy},
  volume={69},
  number={3},
  pages={191--224},
  year={2001},
  publisher={Elsevier}
}

@article{litrev_pvlib4,
  title={Direct solar transmittance and irradiance predictions with broadband models. Part I: detailed theoretical performance assessment},
  author={Gueymard, Christian A},
  journal={Solar Energy},
  volume={74},
  number={5},
  pages={355--379},
  year={2003},
  publisher={Elsevier}
}

@article{litrev_pvlib5,
  title={Hourly diffuse fraction correlation at a tropical location},
  author={Chandrasekaran, J and Kumar, S},
  journal={Solar Energy},
  volume={53},
  number={6},
  pages={505--510},
  year={1994},
  publisher={Elsevier}
}

@article{litrev_pvlib6,
  title={Estimation of hourly, daily and monthly global solar radiation on inclined surfaces: Models re-visited},
  author={Mousavi Maleki, Seyed Abbas and Hizam, H and Gomes, Chandima},
  journal={Energies},
  volume={10},
  number={1},
  pages={134},
  year={2017},
  publisher={Multidisciplinary Digital Publishing Institute}
}

@article{litrev_pvlib7,
  title={The interrelationship and characteristic distribution of direct, diffuse and total solar radiation},
  author={Liu, Benjamin YH and Jordan, Richard C},
  journal={Solar energy},
  volume={4},
  number={3},
  pages={1--19},
  year={1960},
  publisher={Pergamon}
}

@article{litrev_pvlib8,
  title={Clear sky solar irradiance models: A review of seventy models},
  author={Antonanzas-Torres, F and Urraca, R and Polo, J and Perpi{\~n}{\'a}n-Lamigueiro, O and Escobar, R},
  journal={Renewable and Sustainable Energy Reviews},
  volume={107},
  pages={374--387},
  year={2019},
  publisher={Elsevier}
}

@techreport{litrev_pvlib9,
  title={Simplified clear sky model for direct and diffuse insolation on horizontal surfaces},
  author={Bird, Richard E and Hulstrom, Roland L},
  year={1981},
  institution={Solar Energy Research Inst., Golden, CO (USA)}
}

@article{litrev_pvlib10,
  title={REST2: High-performance solar radiation model for cloudless-sky irradiance, illuminance, and photosynthetically active radiation--Validation with a benchmark dataset},
  author={Gueymard, Christian A},
  journal={Solar Energy},
  volume={82},
  number={3},
  pages={272--285},
  year={2008},
  publisher={Elsevier}
}

@article{litrev_pvlib11,
  title={A broadband simplified version of the Solis clear sky model},
  author={Ineichen, Pierre},
  journal={Solar Energy},
  volume={82},
  number={8},
  pages={758--762},
  year={2008},
  publisher={Elsevier}
}

@article{litrev_pvlib12,
  title={Rethinking satellite-based solar irradiance modelling: The SOLIS clear-sky module},
  author={Mueller, RW and Dagestad, Knut-Frode and Ineichen, Pierre and Schroedter-Homscheidt, M and Cros, Sylvain and Dumortier, Dominique and Kuhlemann, R and Olseth, JA and Piernavieja, G and Reise, Christian and others},
  journal={Remote sensing of Environment},
  volume={91},
  number={2},
  pages={160--174},
  year={2004},
  publisher={Elsevier}
}

@article{litrev_pvlib13,
  title={Global horizontal irradiance clear sky models: Implementation and analysis},
  author={Reno, Matthew J and Hansen, Clifford W and Stein, Joshua S}
}

@article{litrev_pvlib14,
  title={A new airmass independent formulation for the Linke turbidity coefficient},
  author={Ineichen, Pierre and Perez, Richard},
  journal={Solar Energy},
  volume={73},
  number={3},
  pages={151--157},
  year={2002},
  publisher={Elsevier}
}

@article{multimodel_intrahour,
  title={Intra-hour forecasting with a total sky imager at the UC San Diego solar energy testbed},
  author={Chow, Chi Wai and Urquhart, Bryan and Lave, Matthew and Dominguez, Anthony and Kleissl, Jan and Shields, Janet and Washom, Byron},
  journal={Solar Energy},
  volume={85},
  number={11},
  pages={2881--2893},
  year={2011},
  publisher={Elsevier}
}


@inproceedings{multimodel_intrahour2,
  title={Extracting cloud motion vectors from satellite images for solar power forecasting},
  author={Cros, Sylvain and Liandrat, Olivier and Sebastien, Nicolas and Schmutz, Nicolas},
  booktitle={2014 IEEE Geoscience and Remote Sensing Symposium},
  pages={4123--4126},
  year={2014},
  organization={IEEE}
}

@article{multimodel_janjic,
  title={The step-mountain eta coordinate model: Further developments of the convection, viscous sublayer, and turbulence closure schemes},
  author={Janji{\'c}, Zavi{\v{s}}a I},
  journal={Monthly weather review},
  volume={122},
  number={5},
  pages={927--945},
  year={1994}
}

@article{multimodel_rtm,
author = {Cotton, William and Bryan, George and van den Heever, Susan},
year = {2011},
month = {12},
pages = {143-175},
title = {Chapter 5. Radiative Transfer in a Cloudy Atmosphere and Its Parameterization},
volume = {99},
journal = {International Geophysics},
doi = {10.1016/S0074-6142(10)09911-0}
}
@inproceedings{multimodel_cloud,
  title={The new Ferrier-Aligo microphysics in the NCEP 3-km NAM nest},
  author={Aligo, E},
  booktitle={28th Conf. on Weather Analysis and Forecasting/24th Conf. on Numerical Weather Prediction},
  year={2017}
}

@article{multimodel_bestpractices,
  title={Best practices handbook for the collection and use of solar resource data for solar energy applications},
  author={Sengupta, Manajit and Habte, Aron and Kurtz, Sarah and Dobos, Aron and Wilbert, Stefan and Lorenz, Elke and Stoffel, Tom and Renn{\'e}, Dave and Gueymard, Christian A and Myers, Daryl and others},
  pages={7-11},
  year={2015}
}

@article{multimodel_ghi,
  title={Forecasting of solar radiation},
  author={Heinemann, Detlev and Lorenz, Elke and Girodo, Marco}
}

@article{multimodel_overpredict,
author = {Mathiesen, Patrick and Kleissl, Jan},
year = {2011},
month = {05},
pages = {967-977},
title = {Evaluation of numerical weather prediction for intra-day solar forecasting in the continental United States},
volume = {85},
journal = {Solar Energy},
doi = {10.1016/j.solener.2011.02.013}
}

@misc{multimodel_nam,
 author = "",
 title = "NCEP North American Mesoscale (NAM) 12 km Analysis",
 publisher  = "Research Data Archive at the National Center for Atmospheric Research, Computational and Information Systems Laboratory",
 address = {Boulder CO},
 year  = "2015",
 url = "https://doi.org/10.5065/G4RC-1N91"
}

@article{multimodel_figure1,
  title={Best practices handbook for the collection and use of solar resource data for solar energy applications},
  pages = {7-4},
  author={Sengupta, Manajit and Habte, Aron and Kurtz, Sarah and Dobos, Aron and Wilbert, Stefan and Lorenz, Elke and Stoffel, Tom and Renn{\'e}, Dave and Gueymard, Christian A and Myers, Daryl and others},
  year={2015}
}

@article{multimodel_spa,
  title={Solar position algorithm for solar radiation applications},
  author={Reda, Ibrahim and Andreas, Afshin},
  journal={Solar energy},
  volume={76},
  number={5},
  pages={577--589},
  year={2004},
  publisher={Elsevier}
}

@article{multimodel_extraterrestrial,
  added-at = {2018-06-18T21:23:34.000+0200},
  author = {Spencer, J. W.},
  biburl = {https://www.bibsonomy.org/bibtex/2d3df7473cfa563e3bb9378157c57695a/pbett},
  citeulike-article-id = {13208903},
interhash = {d0ca49e4d3dccfcacdcf66df6fe90a76},
  intrahash = {d3df7473cfa563e3bb9378157c57695a},
  journal = {Search},
  keywords = {solar model},
  month = may,
  number = 5,
  pages = {172+},
  posted-at = {2014-06-03 18:02:56},
  priority = {2},
  timestamp = {2018-06-22T18:34:20.000+0200},
  title = {Fourier series representation of the position of the sun},
  url = {http://www.mail-archive.com/sundial@uni-koeln.de/msg01050.html},
  volume = 2,
  year = 1971
}

@article{pvlib_Holmgren2018,
  doi = {10.21105/joss.00884},
  url = {https://doi.org/10.21105/joss.00884},
  year = {2018},
  publisher = {The Open Journal},
  volume = {3},
  number = {29},
  pages = {884},
  author = {William Holmgren and Clifford Hansen and Mark Mikofski},
  title = {pvlib python: a python package for modeling solar energy systems},
  journal = {Journal of Open Source Software}
}

@article{pvlib_ineichen,
title = "A new airmass independent formulation for the Linke turbidity coefficient",
journal = "Solar Energy",
volume = "73",
number = "3",
pages = "151 - 157",
year = "2002",
issn = "0038-092X",
doi = "https://doi.org/10.1016/S0038-092X(02)00045-2",
url = "http://www.sciencedirect.com/science/article/pii/S0038092X02000452",
author = "Pierre Ineichen and Richard Perez",
abstract = "We propose a new formulation for the Linke turbidity coefficient with the objective of removing its dependence upon solar geometry. In the process, we also develop two new simple clear sky models for global and direct normal irradiance."
}

@article{pvlib_larson,
  title={Day-ahead forecasting of solar power output from photovoltaic plants in the American Southwest},
  author={Larson, David P and Nonnenmacher, Lukas and Coimbra, Carlos FM},
  journal={Renewable Energy},
  volume={91},
  pages={11--20},
  year={2016},
  publisher={Elsevier}
}

@techreport{pvlib_disc,
  title={A quasi-physical model for converting hourly global horizontal to direct normal insolation},
  author={Maxwell, Eugene L},
  year={1987},
  institution={Solar Energy Research Inst., Golden, CO (USA)}
}

@article{pvlib_liujordan,
  title={Correlation between global solar radiation and its direct and diffuse components},
  author={Lam, Joseph C and Li, Danny HW},
  journal={Building and environment},
  volume={31},
  number={6},
  pages={527--535},
  year={1996},
  publisher={Elsevier}
}

@article{pvlib_liujordan2,
  title={The interrelationship and characteristic distribution of direct, diffuse and total solar radiation},
  author={Liu, Benjamin YH and Jordan, Richard C},
  journal={Solar energy},
  volume={4},
  number={3},
  pages={1--19},
  year={1960},
  publisher={Pergamon}
}

@article{pvlib_liujordan3,
  title={Estimation of hourly, daily and monthly global solar radiation on inclined surfaces: Models re-visited},
  author={Mousavi Maleki, Seyed Abbas and Hizam, H and Gomes, Chandima},
  journal={Energies},
  volume={10},
  number={1},
  pages={134},
  year={2017},
  publisher={Multidisciplinary Digital Publishing Institute}
}

@article{pvlib_liujordan4,
  title={Evaluation of models to predict insolation on tilted surfaces},
  author={Klucher, Thomas M},
  journal={Solar energy},
  volume={23},
  number={2},
  pages={111--114},
  year={1979},
  publisher={Elsevier}
}

@MastersThesis{thesis_zach,
  author={Jones, Zachary Dean},
  title = {{Machine Learning For Solar Irradiance Forecasting}},
  school = {The University of Georgia},
  address = {Athens, GA},
  year={2019}}

@inproceedings{publication_sanders,
author = {Sanders, Sam and Barrick, Chris and Maier, Frederick and Rasheed, Khaled},
year = {2017},
month = {12},
pages = {499-504},
title = {Solar Radiation Prediction Improvement Using Weather Forecasts},
doi = {10.1109/ICMLA.2017.0-112}
}

@article{irradiance_solartracker,
author = {Suneetha Racharla and K. Rajan},
title = {Solar tracking system – a review},
journal = {International Journal of Sustainable Engineering},
volume = {10},
number = {2},
pages = {72-81},
year  = {2017},
publisher = {Taylor & Francis},
doi = {10.1080/19397038.2016.1267816},
URL = {https://www.tandfonline.com/doi/abs/10.1080/19397038.2016.1267816},
eprint = {https://www.tandfonline.com/doi/pdf/10.1080/19397038.2016.1267816}
}

@article{feature_selection_mi,
  title={Estimating mutual information},
  author={Kraskov, Alexander and St{\"o}gbauer, Harald and Grassberger, Peter},
  journal={Physical review E},
  volume={69},
  number={6},
  pages={066138},
  year={2004},
  publisher={APS}
}

@article{feature_selection_mi2,
  title={Mutual information between discrete and continuous data sets},
  author={Ross, Brian C},
  journal={PloS one},
  volume={9},
  number={2},
  year={2014},
  publisher={Public Library of Science}
}

@article{feature_selection_rf,
  title={Random forests},
  author={Breiman, Leo},
  journal={Machine learning},
  volume={45},
  number={1},
  pages={5--32},
  year={2001},
  publisher={Springer}
}

@article{feature_selection_pbl1,
  title={Lidar observation of the atmospheric boundary layer in Jerusalem},
  author={Hashmonay, Ram and Cohen, Ariel and Dayan, Uri},
  journal={Journal of Applied Meteorology},
  volume={30},
  number={8},
  pages={1228--1236},
  year={1991}
}

@article{feature_selection_pbl2,
  title={A planetary boundary layer height climatology derived from ECMWF reanalysis data},
  author={von Engeln, Axel and Teixeira, Jo{\~a}o},
  journal={Journal of Climate},
  volume={26},
  number={17},
  pages={6575--6590},
  year={2013}
}

@article{expt_clearsky_index,
  title={KPV: A clear-sky index for photovoltaics},
  author={Engerer, NA and Mills, FP},
  journal={Solar energy},
  volume={105},
  pages={679--693},
  year={2014},
  publisher={Elsevier}
}

@article{expansion_lorenz,
  title={Irradiance forecasting for the power prediction of grid-connected photovoltaic systems},
  author={Lorenz, Elke and Hurka, Johannes and Heinemann, Detlev and Beyer, Hans Georg},
  journal={IEEE Journal of selected topics in applied earth observations and remote sensing},
  volume={2},
  number={1},
  pages={2--10},
  year={2009},
  publisher={IEEE}
}